@article{vaicenavicius19_evaluat,
  author =       {Vaicenavicius, Juozas and Widmann, David and
                  Andersson, Carl and Lindsten, Fredrik and Roll,
                  Jacob and Sch\"{o}n, Thomas B.},
  title =        {Evaluating model calibration in classification},
  journal =      {Proceedings of Machine Learning Research},
  year =         2019,
}

@article{broecker07_increas_reliab_reliab_diagr,
  author =       {Jochen Br{\"o}cker and Leonard A. Smith},
  title =        {Increasing the reliability of reliability diagrams},
  journal =      {Weather and Forecasting},
  year =         {2007},
}
